
@article{opencv_library,
    author = {Bradski, G.},
    citeulike-article-id = {2236121},
    journal = {Dr. Dobb's Journal of Software Tools},
    keywords = {bibtex-import},
    posted-at = {2008-01-15 19:21:54},
    priority = {4},
    title = {{The OpenCV Library}},
    year = {2000}
}

@article{KingmaB14,
  author    = {Diederik P. Kingma and
               Jimmy Ba},
  title     = {Adam: {A} Method for Stochastic Optimization},
  journal   = {CoRR},
  volume    = {abs/1412.6980},
  year      = {2014},
}

@misc{tensorflow,
title={ {TensorFlow}: Large-Scale Machine Learning on Heterogeneous Systems},
note={Software available from tensorflow.org},
author={
    Mart\'{\i}n~Abadi and
    Ashish~Agarwal and
    Paul~Barham and
    Eugene~Brevdo and
    Zhifeng~Chen and
    Craig~Citro and
    Greg~S.~Corrado and
    Andy~Davis and
    Jeffrey~Dean and
    Matthieu~Devin and
    Sanjay~Ghemawat and
    Ian~Goodfellow and
    Andrew~Harp and
    Geoffrey~Irving and
    Michael~Isard and
    Yangqing Jia and
    Rafal~Jozefowicz and
    Lukasz~Kaiser and
    Manjunath~Kudlur and
    Josh~Levenberg and
    Dandelion~Man\'{e} and
    Rajat~Monga and
    Sherry~Moore and
    Derek~Murray and
    Chris~Olah and
    Mike~Schuster and
    Jonathon~Shlens and
    Benoit~Steiner and
    Ilya~Sutskever and
    Kunal~Talwar and
    Paul~Tucker and
    Vincent~Vanhoucke and
    Vijay~Vasudevan and
    Fernanda~Vi\'{e}gas and
    Oriol~Vinyals and
    Pete~Warden and
    Martin~Wattenberg and
    Martin~Wicke and
    Yuan~Yu and
    Xiaoqiang~Zheng},
  year={2015},
}

@INPROCEEDINGS{caesar2018cvpr,
  title={COCO-Stuff: Thing and stuff classes in context},
  author={Caesar, Holger and Uijlings, Jasper and Ferrari, Vittorio},
  booktitle={Computer vision and pattern recognition (CVPR), 2018 IEEE conference on},
  organization={IEEE},
  year={2018}
}


@article{RonnebergerFB15,
  author    = {Olaf Ronneberger and
               Philipp Fischer and
               Thomas Brox},
  title     = {U-Net: Convolutional Networks for Biomedical Image Segmentation},
  journal   = {CoRR},
  volume    = {abs/1505.04597},
  year      = {2015},
}
@article{ShiCHTABRW16,
  author    = {Wenzhe Shi and
               Jose Caballero and
               Ferenc Husz{\'{a}}r and
               Johannes Totz and
               Andrew P. Aitken and
               Rob Bishop and
               Daniel Rueckert and
               Zehan Wang},
  title     = {Real-Time Single Image and Video Super-Resolution Using an Efficient
               Sub-Pixel Convolutional Neural Network},
  journal   = {CoRR},
  volume    = {abs/1609.05158},
  year      = {2016},
}

@article{ClevertUH15,
  author    = {Djork{-}Arn{\'{e}} Clevert and
               Thomas Unterthiner and
               Sepp Hochreiter},
  title     = {Fast and Accurate Deep Network Learning by Exponential Linear Units
               (ELUs)},
  journal   = {CoRR},
  volume    = {abs/1511.07289},
  year      = {2015},
}

@misc{givon_scikit-cuda_2018,
          author = {Lev E. Givon and
                    Thomas Unterthiner and
                    N. Benjamin Erichson and
                    David Wei Chiang and
                    Eric Larson and
                    Luke Pfister and
                    Sander Dieleman and
                    Gregory R. Lee and
                    Stefan van der Walt and
                    Bryant Menn and
                    Teodor Mihai Moldovan and
                    Fr\'{e}d\'{e}ric Bastien and
                    Xing Shi and
                    Jan Schl\"{u}ter and
                    Brian Thomas and
                    Chris Capdevila and
                    Alex Rubinsteyn and
                    Michael M. Forbes and
                    Jacob Frelinger and
                    Tim Klein and
                    Bruce Merry and
                    Nate Merrill and
                    Lars Pastewka and
                    Li Yong Liu and
                    S. Clarkson and
                    Michael Rader and
                    Steve Taylor and
                    Arnaud Bergeron and
                    Nikul H. Ukani and
                    Feng Wang and
                    Wing-Kit Lee and
                    Yiyin Zhou},
    title        = {scikit-cuda 0.5.2: a {Python} interface to {GPU}-powered libraries},
    month        = {November},
    year         = 2018,
}


@article{Schonberger2018semantic,
  author    = {Johannes L. Sch{\"{o}}nberger and
               Marc Pollefeys and
               Andreas Geiger and
               Torsten Sattler},
  title     = {Semantic Visual Localization},
  journal   = {CoRR},
  volume    = {abs/1712.05773},
  year      = {2017},
}

@article{garg2018lost,
 title={LoST? Appearance-Invariant Place Recognition for Opposite Viewpoints using Visual Semantics},
 author={Garg, Sourav and Suenderhauf, Niko and Milford, Michael},
 journal={Proceedings of Robotics: Science and Systems XIV},
 year={2018},
  Address                  = {Pittsburgh, PA},
  Month                    = jun,
}

@InProceedings{Merrill2018RSS,
  Title                    = {Lightweight Unsupervised Deep Loop Closure},
  Author                   = {Nate Merrill and Guoquan Huang},
  Booktitle                = {Proc. of Robotics: Science and Systems (RSS)},
  Year                     = {2018},
  Address                  = {Pittsburgh, PA},
  Month                    = jun,
  Timestamp                = {2018.02.06}
}


@InProceedings{Latif2014RSS,
  Title                    = {An Online Sparsity-Cognizant Loop-Closure Algorithm for Visual Navigation},
  Author                   = {Yasir Latif and Guoquan Huang and John Leonard and Jose Neira},
  Booktitle                = {Proc. of Robotics: Science and Systems},
  Year                     = {2014},

  Address                  = {Berkeley, CA},
  Month                    = jul # { 12-16},

}

@Article{Latif2017RAS,
  Title                    = {Sparse Optimization for Robust and Efficient Loop Closing},
  Author                   = {Yasir Latif and Guoquan Huang and John Leonard and Jose Neira},
  Journal                  = {Robotics and Autonomous Systems},
  Year                     = {2017},

  Month                    = jul,
  Pages                    = {13-26},
  Volume                   = {93},

  Owner                    = {paul},
  Timestamp                = {2016.06.24}
}


@INPROCEEDINGS{Zhang2016RSS, 
    AUTHOR    = {Hao Zhang AND Fei Han AND Hua Wang}, 
    TITLE     = {Robust Multimodal Sequence-Based Loop Closure Detection via Structured Sparsity}, 
    BOOKTITLE = {Proc. of Robotics: Science and Systems}, 
    YEAR      = {2016}, 
    ADDRESS   = {AnnArbor, Michigan}, 
    MONTH     = {June}, 
    DOI       = {10.15607/RSS.2016.XII.043} 
} 
  
  

@article{flann_pami_2014,
  title={Scalable Nearest Neighbor Algorithms for High Dimensional Data},
  author={Marius Muja and David G. Lowe},
  journal={IEEE Transactions on Pattern Analysis and Machine Intelligence},
  volume={36},
  year={2014},
}

@Book{Hartley2004,
  Title                    = {Multiple View Geometry in Computer Vision},
  Author                   = { Richard Hartley and Andrew Zisserman},
  Publisher                = {Cambridge University Press},
  Year                     = {2004},

  Owner                    = {paul},
  Timestamp                = {2014.07.18}
}


@Book{dl-book,
  Title                    = {Deep Learning},
  Author                   = {Ian Goodfellow and Yoshua Bengio and Aaron Courville},
  Publisher                = {The MIT Press},
  Year                     = {2016},
  Owner                    = {paul},
  Timestamp                = {2017.05.13}
}

@ARTICLE{Lowry2016TRO,
author={S. Lowry and N. S\"underhauf and P. Newman and J. J. Leonard and D. Cox and P. Corke and M. J. Milford},
journal={IEEE Transactions on Robotics},
title={Visual {P}lace {R}ecognition: A {S}urvey},
year={2016},
volume={32},
number={1},
pages={1-19},
month={Feb},
}

@InProceedings{Arandjelovic16,
  author       = "Arandjelovi\'c, R. and Gronat, P. and Torii, A. and Pajdla, T. and Sivic, J.",
  title        = "{NetVLAD}: {CNN} architecture for weakly supervised place recognition",
  booktitle    = "IEEE Conference on Computer Vision and Pattern Recognition",
  year         = "2016",
}


@INPROCEEDINGS{sunderhauf_performance_2015,
	author={N. S\"underhauf and S. Shirazi and F. Dayoub and B. Upcroft and M. Milford},
	booktitle={2015 IEEE/RSJ International Conference on Intelligent Robots and Systems (IROS)},
	title={On the performance of ConvNet features for place recognition},
	year={2015},
	pages={4297-4304},
	month={Sept}
}


@inproceedings{sunderhauf_place_2015,
           month = {July},
            year = {2015},
           title = {Place recognition with ConvNet landmarks: Viewpoint-robust, condition-robust, training-free},
       booktitle = {Robotics: Science and Systems},
          author = {Niko S{\"u}nderhauf and Sareh Shirazi and Adam Jacobson and Feras Dayoub and Edward Pepperell and Ben Upcroft and Michael Milford},
         address = {Auditorium Antonianum, Rome},
}

@ARTICLE{GalvezTRO12,
	author={G\'alvez-L\'opez, Dorian and Tard\'os, J. D.},
	journal={IEEE Transactions on Robotics},
	title={Bags of Binary Words for Fast Place Recognition in Image Sequences},
	year={2012},
	month={October},
	volume={28},
	number={5},
	pages={1188--1197},
}



@INPROCEEDINGS{ORB,
	author={E. Rublee and V. Rabaud and K. Konolige and G. Bradski},
	booktitle={2011 International Conference on Computer Vision},
	title={ORB: An efficient alternative to SIFT or SURF},
	year={2011},
	pages={2564-2571},
	month={Nov}
}


@ARTICLE{BRIEF,
	author={M. Calonder and V. Lepetit and M. Ozuysal and T. Trzcinski and C. Strecha and P. Fua},
	journal={IEEE Transactions on Pattern Analysis and Machine Intelligence},
	title={BRIEF: Computing a Local Binary Descriptor Very Fast},
	year={2012},
	volume={34},
	number={7},
	pages={1281-1298},
	month={July}
}

@INPROCEEDINGS{HOG,
	author={N. Dalal and B. Triggs},
	booktitle={2005 IEEE Computer Society Conference on Computer Vision and Pattern Recognition (CVPR'05)},
	title={Histograms of oriented gradients for human detection},
	year={2005},
	volume={1},
	pages={886-893 vol. 1},
	month={June}
}

@article{LOPEZANTEQUERA2017,
	title = "Appearance-invariant place recognition by discriminatively training a convolutional neural network",
	journal = "Pattern Recognition Letters",
	volume = "92",
	number = "Supplement C",
	pages = "89 - 95",
	year = "2017",
	author = "Manuel Lopez-Antequera and Ruben Gomez-Ojeda and Nicolai Petkov and Javier Gonzalez-Jimenez",
}

@ARTICLE{LeCun1989,
	author={Y. LeCun and B. Boser and J. S. Denker and D. Henderson and R. E. Howard and W. Hubbard and L. D. Jackel},
	journal={Neural Computation},
	title={Backpropagation Applied to Handwritten Zip Code Recognition},
	year={1989},
	volume={1},
	number={4},
	pages={541-551},
	month={Dec}
}

@article{SIFT,
 author = {Lowe, David G.},
 title = {Distinctive Image Features from Scale-Invariant Keypoints},
 journal = {Int. J. Comput. Vision},
 issue_date = {November 2004},
 volume = {60},
 number = {2},
 month = nov,
 year = {2004},
 pages = {91--110},
 numpages = {20},
 acmid = {996342},
 publisher = {Kluwer Academic Publishers},
 address = {Hingham, MA, USA},
 keywords = {image matching, invariant features, object recognition, scale invariance},
} 

@INPROCEEDINGS{NaseerEtAl,
	author={T. Naseer and M. Ruhnke and C. Stachniss and L. Spinello and W. Burgard},
	booktitle={2015 IEEE/RSJ International Conference on Intelligent Robots and Systems (IROS)},
	title={Robust visual SLAM across seasons},
	year={2015},
	pages={2529-2535},
	month={Sept}
}

@INPROCEEDINGS{PepperellEtAl,
	author={E. Pepperell and P. I. Corke and M. J. Milford},
	booktitle={2014 IEEE International Conference on Robotics and Automation (ICRA)},
	title={All-environment visual place recognition with SMART},
	year={2014},
	pages={1612-1618},
	month={May}
}

@INPROCEEDINGS{MilfordEtAl,
	author={M. Milford and W. Scheirer and E. Vig and A. Glover and O. Baumann and J. Mattingley and D. Cox},
	booktitle={2014 IEEE International Conference on Robotics and Automation (ICRA)},
	title={Condition-invariant, top-down visual place recognition},
	year={2014},
	pages={5571-5577},
	month={May}
}


@inproceedings{Vincent2008,
 author = {Vincent, Pascal and Larochelle, Hugo and Bengio, Yoshua and Manzagol, Pierre-Antoine},
 title = {Extracting and Composing Robust Features with Denoising Autoencoders},
 booktitle = {Proceedings of the 25th International Conference on Machine Learning},
 series = {ICML '08},
 year = {2008},
 isbn = {978-1-60558-205-4},
 location = {Helsinki, Finland},
 pages = {1096--1103},
 numpages = {8},
 acmid = {1390294},
 publisher = {ACM},
 address = {New York, NY, USA},
} 

@INPROCEEDINGS{Chen2017,
	author={Z. Chen and A. Jacobson and N. S\"underhauf and B. Upcroft and L. Liu and C. Shen and I. Reid and M. Milford},
	booktitle={2017 IEEE International Conference on Robotics and Automation (ICRA)},
	title={Deep learning features at scale for visual place recognition},
	year={2017},
	pages={3223-3230},
	month={May}
}

@article{zhou2017places,
	title={Places: A 10 million Image Database for Scene Recognition},
	author={Zhou, Bolei and Lapedriza, Agata and Khosla, Aditya and Oliva, Aude and Torralba, Antonio},
	journal={IEEE Transactions on Pattern Analysis and Machine Intelligence},
	year={2017},
	publisher={IEEE}
}

@article{jia2014caffe,
  Author = {Jia, Yangqing and Shelhamer, Evan and Donahue, Jeff and Karayev, Sergey and Long, Jonathan and Girshick, Ross and Guadarrama, Sergio and Darrell, Trevor},
  Journal = {arXiv preprint arXiv:1408.5093},
  Title = {Caffe: Convolutional Architecture for Fast Feature Embedding},
  Year = {2014}
}

@article{murORB2,
	 title={{ORB-SLAM2}: an Open-Source {SLAM} System for Monocular, Stereo and {RGB-D} Cameras},
	 author={Mur-Artal and Ra\'ul and Tard\'os and Juan D.},
	 journal={IEEE Transactions on Robotics},
	 volume={33},
	 number={5},
	 pages={1255--1262},
	 year={2017}
}

@article{murTRO2015,
	 title={{ORB-SLAM}: a Versatile and Accurate Monocular {SLAM} System},
	 author={Mur-Artal and Ra\'ul and Montiel, J. M. M. and Tard\'os and Juan D.},
	 journal={IEEE Transactions on Robotics},
	 volume={31},
	 number={5},
	 pages={1147--1163},
	 year={2015}
}

@INPROCEEDINGS{Geiger2012CVPR,
	author = {Andreas Geiger and Philip Lenz and Raquel Urtasun},
	title = {Are we ready for Autonomous Driving? The KITTI Vision Benchmark Suite},
	booktitle = {Conference on Computer Vision and Pattern Recognition (CVPR)},
	year = {2012}
} 

@article{KENSHIMOV2017124,
	title = "Deep learning features exception for cross-season visual place recognition",
	journal = "Pattern Recognition Letters",
	volume = "100",
	pages = "124 - 130",
	year = "2017",
	author = "Chingiz Kenshimov and Loukas Bampis and Beibut Amirgaliyev and Marat Arslanov and Antonios Gasteratos",
	keywords = "Place recognition, CNN, Feature map, Disturbances reduction, Condition invariance, Season invariance"
}

@Article{Hou2017,
	author="Hou, Yi	and Zhang, Hong	and Zhou, Shilin",
	title="BoCNF: efficient image matching with Bag of ConvNet features for scalable and robust visual place recognition",
	journal="Autonomous Robots",
	year="2017",
	month="Nov",
	day="16",
}

@inproceedings{AlexNet,
	author = {Krizhevsky, Alex and Sutskever, Ilya and Hinton, Geoffrey E.},
	title = {ImageNet Classification with Deep Convolutional Neural Networks},
	booktitle = {Proceedings of the 25th International Conference on Neural Information Processing Systems - Volume 1},
	series = {NIPS'12},
	year = {2012},
	location = {Lake Tahoe, Nevada},
	pages = {1097--1105},
	numpages = {9},
	acmid = {2999257},
	publisher = {Curran Associates Inc.},
	address = {USA},
}

@inproceedings{Warren2010,
	address = {Brisbane},
	author = {Warren, Michael and McKinnon, D. and He, H. and Upcroft, Ben},
	booktitle = {Australasian Conference on Robotics and Automation},
	editor = {Wyeth, Gordon and Upcroft, Ben},
	keywords = {Stereo vision,computer vision,dataset,field robotics,visual odometry},
	mendeley-tags = {computer vision,field robotics,visual odometry},
	publisher = {Australian Robotics and Automation Association},
	title = {{Unaided stereo vision based pose estimation}},
	year = {2010}
}


@article{Bentley1975,
 author = {Bentley, Jon Louis},
 title = {Multidimensional Binary Search Trees Used for Associative Searching},
 journal = {Commun. ACM},
 issue_date = {Sept. 1975},
 volume = {18},
 number = {9},
 month = sep,
 year = {1975},
 pages = {509--517},
 numpages = {9},
 acmid = {361007},
 publisher = {ACM},
 address = {New York, NY, USA},
}

@INPROCEEDINGS{SeqSLAM,
	author={M. J. Milford and G. F. Wyeth},
	booktitle={2012 IEEE International Conference on Robotics and Automation},
	title={{SeqSLAM}: Visual route-based navigation for sunny summer days and stormy winter nights},
	year={2012},
	pages={1643-1649},
	month={May}
}

@InProceedings{lsd_slam,
	author="Engel, Jakob
	and Sch{\"o}ps, Thomas
	and Cremers, Daniel",
	editor="Fleet, David
	and Pajdla, Tomas
	and Schiele, Bernt
	and Tuytelaars, Tinne",
	title="{LSD-SLAM}: Large-Scale Direct Monocular {SLAM}",
	booktitle="Computer Vision -- ECCV 2014",
	year="2014",
	publisher="Springer International Publishing",
	address="Cham",
	pages="834--849",
	isbn="978-3-319-10605-2"
}

@ARTICLE{dso,
	author={J. Engel and V. Koltun and D. Cremers},
	journal={IEEE Transactions on Pattern Analysis and Machine Intelligence},
	title={Direct Sparse Odometry},
	year={2017},
	volume={PP},
	number={99},
	pages={1-1},
	keywords={Cameras;Computational modeling;Geometry;Optimization;Robustness;Three-dimensional displays;Visualization},
}

@INPROCEEDINGS{direct_vins,
	author={A. Concha and G. Loianno and V. Kumar and J. Civera},
	booktitle={2016 IEEE International Conference on Robotics and Automation (ICRA)},
	title={Visual-inertial direct {SLAM}},
	year={2016},
	pages={1331-1338},
	month={May}
}

@INPROCEEDINGS{dtam,
	author={R. A. Newcombe and S. J. Lovegrove and A. J. Davison},
	booktitle={2011 International Conference on Computer Vision},
	title={DTAM: Dense tracking and mapping in real-time},
	year={2011},
	pages={2320-2327},
	month={Nov}
}

@article{BAI2018,
	title = "Sequence searching with CNN features for robust and fast visual place recognition",
	journal = "Computers and Graphics",
	volume = "70",
	pages = "270 - 280",
	year = "2018",
	note = "CAD/Graphics 2017",
	author = "Dongdong Bai and Chaoqun Wang and Bo Zhang and Xiaodong Yi and Xuejun Yang",
	keywords = "Visual place recognition, CNN, SeqSLAM, SeqCNNSLAM, A-SeqCNNSLAM, O-SeqCNNSLAM"
}




@article{fabmap,
	author = {Mark Cummins and Paul Newman},
	title ={FAB-MAP: Probabilistic Localization and Mapping in the Space of Appearance},
	journal = {The International Journal of Robotics Research},
	volume = {27},
	number = {6},
	pages = {647-665},
	year = {2008},
}



@article{fabmap2,
	author = {Mark Cummins and Paul Newman},
	title ={Appearance-only {SLAM} at large scale with {FAB-MAP} 2.0},
	journal = {The International Journal of Robotics Research},
	volume = {30},
	number = {9},
	pages = {1100-1123},
	year = {2011},
}

@inproceedings{Razavian2014,
 author = {Razavian, Ali Sharif and Azizpour, Hossein and Sullivan, Josephine and Carlsson, Stefan},
 title = {CNN Features Off-the-Shelf: An Astounding Baseline for Recognition},
 booktitle = {Proceedings of the 2014 IEEE Conference on Computer Vision and Pattern Recognition Workshops},
 series = {CVPRW '14},
 year = {2014},
 isbn = {978-1-4799-4308-1},
 pages = {512--519},
 numpages = {8},
 acmid = {2679731},
 publisher = {IEEE Computer Society},
 address = {Washington, DC, USA},
}

@article{Chen2014,
  author    = {Zetao Chen and
               Obadiah Lam and
               Adam Jacobson and
               Michael Milford},
  title     = {Convolutional Neural Network-based Place Recognition},
  journal   = {CoRR},
  volume    = {abs/1411.1509},
  year      = {2014},
}

@article{overfeat,
	author = {Sermanet, Pierre and Eigen, David and Zhang, Xiang and Mathieu, Michael and Fergus, Rob and Lecun, Yann},
	year = {2013},
	month = {12},
	title = {OverFeat: Integrated Recognition, Localization and Detection using Convolutional Networks},
	booktitle = {International Conference on Learning Representations (ICLR) (Banff)},
}

@article{Bay2008,
 author = {Bay, Herbert and Ess, Andreas and Tuytelaars, Tinne and Van Gool, Luc},
 title = {Speeded-Up Robust Features (SURF)},
 journal = {Comput. Vis. Image Underst.},
 issue_date = {June, 2008},
 volume = {110},
 number = {3},
 month = jun,
 year = {2008},
 pages = {346--359},
 numpages = {14},
 publisher = {Elsevier Science Inc.},
 address = {New York, NY, USA},
}

@inproceedings{Ravichandran2005,
 author = {Ravichandran, Deepak and Pantel, Patrick and Hovy, Eduard},
 title = {Randomized Algorithms and NLP: Using Locality Sensitive Hash Function for High Speed Noun Clustering},
 booktitle = {Proceedings of the 43rd Annual Meeting on Association for Computational Linguistics},
 series = {ACL '05},
 year = {2005},
 location = {Ann Arbor, Michigan},
 pages = {622--629},
 numpages = {8},
 acmid = {1219917},
 publisher = {Association for Computational Linguistics},
 address = {Stroudsburg, PA, USA},
}

@InProceedings{Garg2016,
	author="Garg, Ravi
	and B.G., Vijay Kumar
	and Carneiro, Gustavo
	and Reid, Ian",
	editor="Leibe, Bastian
	and Matas, Jiri
	and Sebe, Nicu
	and Welling, Max",
	title="Unsupervised CNN for Single View Depth Estimation: Geometry to the Rescue",
	booktitle="Computer Vision -- ECCV 2016",
	year="2016",
	publisher="Springer International Publishing",
	address="Cham",
	pages="740--756",
	isbn="978-3-319-46484-8"
}
  
@Article{Qiao2017,
     Title = {Visual Localization by Place Recognition Based on Multifeature (D-$\lambda$LBP++HOG)},
     Author = {Qiao, Yongliang and Zhang, Zhao;},
     Journal = {Journal of Sensors},
     year = {2017},
}

@INPROCEEDINGS{Li2015,
	author={Jie Li and R. M. Eustice and M. Johnson-Roberson},
	booktitle={2015 IEEE International Conference on Robotics and Automation (ICRA)},
	title={High-level visual features for underwater place recognition},
	year={2015},
	pages={3652--3659},
	month={May}
}

@article{Bampis2017,
	author={Loukas Bampis and Angelos Amanatiadis and Antonios Gasteratos},
	title={Fast loop-closure detection using visual-word-vectors from image sequences},
	journal={The International Journal of Robotics Research},
	year={2017},
	volume={37},
	pages={62--82},
	month={December}
}

@article{smith2009new,
    title={{The new college vision and laser data set}},
    author={Smith, M. and Baldwin, I. and Churchill, W. and Paul, R. and Newman, P.},
    journal={The International Journal of Robotics Research},
    volume={28},
    number={5},
    pages={595--599},
    year={2009},
    month={May},
    publisher={SAGE Publications, Inc.},
}

@inproceedings{Dasgupta2000,
 author = {Dasgupta, Sanjoy},
 title = {Experiments with Random Projection},
 booktitle = {Proceedings of the 16th Conference on Uncertainty in Artificial Intelligence},
 series = {UAI '00},
 year = {2000},
 isbn = {1-55860-709-9},
 pages = {143--151},
 publisher = {Morgan Kaufmann Publishers Inc.},
 address = {San Francisco, CA, USA},
} 

@inproceedings{Bingham2001,
 author = {Bingham, Ella and Mannila, Heikki},
 title = {Random Projection in Dimensionality Reduction: Applications to Image and Text Data},
 booktitle = {Proceedings of the Seventh ACM SIGKDD International Conference on Knowledge Discovery and Data Mining},
 series = {KDD '01},
 year = {2001},
 isbn = {1-58113-391-X},
 location = {San Francisco, California},
 pages = {245--250},
 acmid = {502546},
 publisher = {ACM},
 address = {New York, NY, USA},
} 

@inproceedings{Zitnick2014EdgeBoxes,
  author    = {C. Lawrence Zitnick and Piotr Doll\'ar},
  title     = {Edge Boxes: Locating Object Proposals from Edges},
  booktitle = {ECCV},
  year      = {2014},
}

@INPROCEEDINGS{Cheng2014BING, 
	author={M. M. Cheng and Z. Zhang and W. Y. Lin and P. Torr}, 
	booktitle={2014 IEEE Conference on Computer Vision and Pattern Recognition}, 
	title={BING: Binarized Normed Gradients for Objectness Estimation at 300fps}, 
	year={2014}, 
	pages={3286-3293}, 
	month={June}
}

@inproceedings{Arandjelovic2013,
 author = {Arandjelovic, Relja and Zisserman, Andrew},
 title = {All About VLAD},
 booktitle = {Proceedings of the 2013 IEEE Conference on Computer Vision and Pattern Recognition},
 series = {CVPR '13},
 year = {2013},
 pages = {1578--1585},
 publisher = {IEEE Computer Society},
 address = {Washington, DC, USA},
} 

